<record><leader>00000cas a2200000 a 4500</leader><controlfield tag="001">12483712</controlfield><controlfield tag="008">850903d18621864nyuwr ne      0    0eng c</controlfield><datafield ind1=" " ind2=" " tag="010"><subfield code="a">sn 85026759 </subfield></datafield><datafield ind1=" " ind2=" " tag="040"><subfield code="a">NPX</subfield><subfield code="b">eng</subfield><subfield code="c">NPX</subfield><subfield code="d">NYS</subfield><subfield code="d">OCL</subfield><subfield code="d">NYS</subfield><subfield code="d">OCLCQ</subfield><subfield code="d">OCLCF</subfield><subfield code="d">OCLCO</subfield><subfield code="d">OCLCA</subfield></datafield><datafield ind1="1" ind2=" " tag="029"><subfield code="a">AU@</subfield><subfield code="b">000020234002</subfield></datafield><datafield ind1=" " ind2=" " tag="042"><subfield code="a">pcc</subfield></datafield><datafield ind1=" " ind2=" " tag="043"><subfield code="a">n-us-ny</subfield></datafield><datafield ind1="0" ind2="0" tag="245"><subfield code="a">Niagara Democrat and union.</subfield></datafield><datafield ind1="1" ind2="3" tag="246"><subfield code="a">Niagara Democrat</subfield></datafield><datafield ind1=" " ind2=" " tag="260"><subfield code="a">Lockport, N.Y. :</subfield><subfield code="b">S.S. Pomroy &amp; Co.</subfield></datafield><datafield ind1=" " ind2=" " tag="300"><subfield code="a">v.</subfield></datafield><datafield ind1=" " ind2=" " tag="310"><subfield code="a">Weekly</subfield></datafield><datafield ind1="1" ind2=" " tag="362"><subfield code="a">Began in 1862?</subfield></datafield><datafield ind1="1" ind2=" " tag="362"><subfield code="a">Ceased in 1864?</subfield></datafield><datafield ind1=" " ind2=" " tag="500"><subfield code="a">Editors: Solon S. Pomroy, &lt;1863&gt;; R. Chamberlain, &lt;1863&gt;.</subfield></datafield><datafield ind1=" " ind2=" " tag="500"><subfield code="a">"Democratic."</subfield></datafield><datafield ind1=" " ind2=" " tag="580"><subfield code="a">Daily ed.: Lockport daily union (Lockport, N.Y. : 1860).</subfield></datafield><datafield ind1=" " ind2=" " tag="588"><subfield code="a">Description based on: Vol. 3, no. 46 (Feb. 28, 1863).</subfield></datafield><datafield ind1=" " ind2="0" tag="651"><subfield code="a">Lockport (N.Y.)</subfield><subfield code="v">Newspapers.</subfield></datafield><datafield ind1=" " ind2="0" tag="651"><subfield code="a">Niagara County (N.Y.)</subfield><subfield code="v">Newspapers.</subfield></datafield><datafield ind1=" " ind2="7" tag="655"><subfield code="a">Newspapers.</subfield><subfield code="2">fast</subfield><subfield code="0">(OCoLC)fst01423814</subfield></datafield><datafield ind1=" " ind2="7" tag="651"><subfield code="a">New York (State)</subfield><subfield code="z">Lockport.</subfield><subfield code="2">fast</subfield><subfield code="0">(OCoLC)fst01213352</subfield></datafield><datafield ind1=" " ind2="7" tag="651"><subfield code="a">New York (State)</subfield><subfield code="z">Niagara County.</subfield><subfield code="2">fast</subfield><subfield code="0">(OCoLC)fst01212284</subfield></datafield><datafield ind1=" " ind2=" " tag="752"><subfield code="a">United States</subfield><subfield code="b">New York</subfield><subfield code="c">Niagara</subfield><subfield code="d">Lockport.</subfield></datafield><datafield ind1="1" ind2=" " tag="775"><subfield code="t">Lockport daily union (Lockport, N.Y. : 1860)</subfield><subfield code="w">(DLC)sn 94057591</subfield><subfield code="w">(OCoLC)30535463</subfield></datafield><datafield ind1="0" ind2="4" tag="780"><subfield code="t">Niagara Democrat (Lockport, N.Y. : 1844)</subfield><subfield code="w">(DLC)sn 94057603</subfield><subfield code="w">(OCoLC)30499755</subfield></datafield><datafield ind1="0" ind2="4" tag="780"><subfield code="t">Lockport chronicle</subfield><subfield code="w">(DLC)sn 84024293</subfield><subfield code="w">(OCoLC)11092702</subfield></datafield><datafield ind1="0" ind2="0" tag="785"><subfield code="t">Lockport weekly bee</subfield><subfield code="w">(DLC)sn 85026758</subfield><subfield code="w">(OCoLC)12484421</subfield></datafield></record>